[gd_scene load_steps=9 format=2]

[ext_resource path="res://addons/nicense/nicense_button.gd" type="Script" id=1]
[ext_resource path="res://button_font.tres" type="DynamicFont" id=2]
[ext_resource path="res://UI/mainUI/mainUI.gd" type="Script" id=3]
[ext_resource path="res://aileron.ultralight.otf" type="DynamicFontData" id=4]
[ext_resource path="res://UI/menu/menu.tscn" type="PackedScene" id=5]

[sub_resource type="DynamicFont" id=1]
size = 125
font_data = ExtResource( 4 )

[sub_resource type="DynamicFont" id=4]
size = 48
font_data = ExtResource( 4 )

[sub_resource type="DynamicFont" id=6]
size = 48
font_data = ExtResource( 4 )

[node name="mainUI" type="Control" groups=["menu"]]
anchor_right = 1.0
anchor_bottom = 1.0
script = ExtResource( 3 )

[node name="ViewportContainer" type="ViewportContainer" parent="."]
anchor_right = 1.0
anchor_bottom = 1.0
stretch = true

[node name="Viewport" type="Viewport" parent="ViewportContainer"]
size = Vector2( 1024, 600 )
handle_input_locally = false
render_target_update_mode = 3

[node name="map" parent="ViewportContainer/Viewport" instance=ExtResource( 5 )]

[node name="RichTextLabel" type="RichTextLabel" parent="."]
anchor_right = 1.0
anchor_bottom = 1.0
rect_pivot_offset = Vector2( -358, -147 )
custom_fonts/normal_font = SubResource( 1 )
text = "G%Box"

[node name="RichTextLabel2" type="Label" parent="."]
anchor_right = 1.0
anchor_bottom = 1.0
rect_pivot_offset = Vector2( -358, -147 )
custom_fonts/font = ExtResource( 2 )
text = "v0.2"
align = 2

[node name="VBoxContainer" type="VBoxContainer" parent="."]
anchor_left = 0.3
anchor_right = 0.3
anchor_bottom = 1.0
margin_left = -160.2
margin_right = 159.8
alignment = 1

[node name="sp" type="Button" parent="VBoxContainer"]
margin_top = 237.0
margin_right = 320.0
margin_bottom = 263.0
custom_fonts/font = ExtResource( 2 )
text = "Singleplayer"

[node name="mp" type="Button" parent="VBoxContainer"]
margin_top = 267.0
margin_right = 320.0
margin_bottom = 293.0
custom_fonts/font = ExtResource( 2 )
text = "Multiplayer"

[node name="quit" type="Button" parent="VBoxContainer"]
margin_top = 297.0
margin_right = 320.0
margin_bottom = 362.0
custom_fonts/font = SubResource( 4 )
text = "Quit to desktop"

[node name="NMS" type="AcceptDialog" parent="."]
anchor_left = 0.5
anchor_top = 0.5
anchor_right = 0.5
anchor_bottom = 0.5
margin_left = -161.5
margin_top = -101.0
margin_right = 161.5
margin_bottom = 101.0
window_title = "No map selected!"
dialog_text = "Please select a map!"
__meta__ = {
"_edit_use_anchors_": false
}

[node name="NicenseButton" type="Button" parent="."]
anchor_left = 1.0
anchor_top = 1.0
anchor_right = 1.0
anchor_bottom = 1.0
margin_left = -324.0
margin_top = -65.0
custom_fonts/font = SubResource( 6 )
text = "Show Copyright"
script = ExtResource( 1 )
__meta__ = {
"_edit_use_anchors_": false
}

[connection signal="pressed" from="VBoxContainer/sp" to="." method="_on_sp_pressed"]
[connection signal="pressed" from="VBoxContainer/mp" to="." method="_on_mp_pressed"]
[connection signal="pressed" from="VBoxContainer/quit" to="." method="_on_quit_pressed"]
