[gd_scene load_steps=5 format=2]

[ext_resource path="res://player/player.tscn" type="PackedScene" id=1]
[ext_resource path="res://materials/proto_grids/red_wall.tres" type="Material" id=2]
[ext_resource path="res://levels/menu_helper.tscn" type="PackedScene" id=3]
[ext_resource path="res://props/proto_props/box.tscn" type="PackedScene" id=4]

[node name="map" type="Spatial" groups=["sandbox"]]

[node name="Player" parent="." instance=ExtResource( 1 )]
transform = Transform( 1, 0, 0, 0, 1, 0, 0, 0, 1, 0, 0.687534, 0 )

[node name="CSGCombiner" type="CSGCombiner" parent="."]
use_collision = true
collision_layer = 2
collision_mask = 7

[node name="CSGBox" type="CSGBox" parent="CSGCombiner"]
width = 25.0
height = 0.1
depth = 25.0

[node name="CSGBox2" type="CSGBox" parent="CSGCombiner"]
transform = Transform( 0.906308, 0.422618, 0, -0.422618, 0.906308, 0, 0, 0, 1, -1.46499, 1.39038, -9.30418 )
width = 6.95169
height = 0.1
material = ExtResource( 2 )

[node name="CSGBox3" type="CSGBox" parent="CSGCombiner"]
transform = Transform( 1, 0, 0, 0, 1, 0, 0, 0, 1, -5.575, 2.846, -9.304 )
height = 0.1
material = ExtResource( 2 )

[node name="menu_helper" parent="." instance=ExtResource( 3 )]

[node name="6 of em" type="Spatial" parent="."]
transform = Transform( 1, 0, 0, 0, 1, 0, 0, 0, 1, -5.24829, 0, 4.37229 )

[node name="Box" parent="6 of em" instance=ExtResource( 4 )]
transform = Transform( 1, 0, 0, 0, 1, 0, 0, 0, 1, 0, 0.983932, 0 )

[node name="Box2" parent="6 of em" instance=ExtResource( 4 )]
transform = Transform( 1, 0, 0, 0, 1, 0, 0, 0, 1, 0, 1.00278, -1.09803 )

[node name="Box3" parent="6 of em" instance=ExtResource( 4 )]
transform = Transform( 1, 0, 0, 0, 1, 0, 0, 0, 1, 0, 1.02162, -2.19606 )

[node name="Box4" parent="6 of em" instance=ExtResource( 4 )]
transform = Transform( 1, 0, 0, 0, 1, 0, 0, 0, 1, 0, 2.05902, -0.586775 )

[node name="Box5" parent="6 of em" instance=ExtResource( 4 )]
transform = Transform( 1, 0, 0, 0, 1, 0, 0, 0, 1, 0, 2.07786, -1.6848 )

[node name="Box6" parent="6 of em" instance=ExtResource( 4 )]
transform = Transform( 1, 0, 0, 0, 1, 0, 0, 0, 1, 0, 3.13361, -1.10781 )
